% -----------------------------------------------------------------------
% File: CogSci_Template.bib
% -----------------------------------------------------------------------

% Modified : Eli M. Silk (esilk at pitt.edu)            05/24/2005
% Modified : David Noelle (dnoelle at ucmerced.edu)     11/19/2014


% -----------------------------------------------------------------------
% File: CogSci_Template.bib
% -----------------------------------------------------------------------

% Modified : Eli M. Silk (esilk at pitt.edu)            05/24/2005
% Modified : David Noelle (dnoelle at ucmerced.edu)     11/19/2014
@article{a91,
	author = {Anderson, J. R.},
	journal = {Psychological review},
	number = {3},
	pages = {409},
	title = {The adaptive nature of human categorization},
	volume = {98},
	year = {1991},
}

@article{fried1984induction,
  title={Induction of category distributions: A framework for classification learning.},
  author={Fried, Lisbeth S and Holyoak, Keith J},
  journal={Journal of Experimental Psychology: Learning, Memory, and Cognition},
  volume={10},
  number={2},
  pages={234},
  year={1984},
  publisher={American Psychological Association}
}

@book{oaksford2007bayesian,
  title={Bayesian rationality: The probabilistic approach to human reasoning},
  author={Oaksford, Mike and Chater, Nick and others},
  year={2007},
  publisher={Oxford University Press}
}

@article{griffiths2005structure,
  title={Structure and strength in causal induction},
  author={Griffiths, Thomas L and Tenenbaum, Joshua B},
  journal={Cognitive psychology},
  volume={51},
  number={4},
  pages={334--384},
  year={2005},
  publisher={Elsevier}
}

@article{sailor2005memory,
  title={Is memory for stimulus magnitude Bayesian?},
  author={Sailor, Kevin M and Antoine, Miriam},
  journal={Memory \& Cognition},
  volume={33},
  number={5},
  pages={840--851},
  year={2005},
  publisher={Springer}
}

@article{stewart2006decision,
  title={Decision by sampling},
  author={Stewart, Neil and Chater, Nick and Brown, Gordon DA},
  journal={Cognitive psychology},
  volume={53},
  number={1},
  pages={1--26},
  year={2006},
  publisher={Elsevier}
}

@article{griffiths2006optimal,
  title={Optimal predictions in everyday cognition},
  author={Griffiths, Thomas L and Tenenbaum, Joshua B},
  journal={Psychological science},
  volume={17},
  number={9},
  pages={767--773},
  year={2006},
  publisher={SAGE Publications Sage CA: Los Angeles, CA}
}

@article{ma2006bayesian,
  title={Bayesian inference with probabilistic population codes},
  author={Ma, Wei Ji and Beck, Jeffrey M and Latham, Peter E and Pouget, Alexandre},
  journal={Nature neuroscience},
  volume={9},
  number={11},
  pages={1432--1438},
  year={2006},
  publisher={Nature Publishing Group}
}

@article{ernst2002humans,
  title={Humans integrate visual and haptic information in a statistically optimal fashion},
  author={Ernst, Marc O and Banks, Martin S},
  journal={Nature},
  volume={415},
  number={6870},
  pages={429--433},
  year={2002},
  publisher={Nature Publishing Group}
}

@article{kording2004bayesian,
  title={Bayesian integration in sensorimotor learning},
  author={K{\"o}rding, Konrad P and Wolpert, Daniel M},
  journal={Nature},
  volume={427},
  number={6971},
  pages={244--247},
  year={2004},
  publisher={Nature Publishing Group}
}

@article{pouget2013probabilistic,
  title={Probabilistic brains: knowns and unknowns},
  author={Pouget, Alexandre and Beck, Jeffrey M and Ma, Wei Ji and Latham, Peter E},
  journal={Nature neuroscience},
  volume={16},
  number={9},
  pages={1170--1178},
  year={2013},
  publisher={Nature Publishing Group}
}

@article{tenenbaum2011grow,
  title={How to grow a mind: Statistics, structure, and abstraction},
  author={Tenenbaum, Joshua B and Kemp, Charles and Griffiths, Thomas L and Goodman, Noah D},
  journal={science},
  volume={331},
  number={6022},
  pages={1279--1285},
  year={2011},
  publisher={American Association for the Advancement of Science}
}

@inproceedings{srivastava2014frugal,
  title={Frugal preference formation},
  author={Srivastava, Nisheeth and Schrater, Paul},
  booktitle={Proceedings of the Annual Meeting of the Cognitive Science Society},
  volume={36},
  number={36},
  year={2014}
}

@article{alfonso2002makes,
  title={What makes a categorization task difficult?},
  author={Alfonso-Reese, Leola A and Ashby, F Gregory and Brainard, David H},
  journal={Perception \& Psychophysics},
  volume={64},
  number={4},
  pages={570--583},
  year={2002},
  publisher={Springer}
}

@article{kloos2008s,
  title={What's behind different kinds of kinds: effects of statistical density on learning and representation of categories.},
  author={Kloos, Heidi and Sloutsky, Vladimir M},
  journal={Journal of Experimental Psychology: General},
  volume={137},
  number={1},
  pages={52},
  year={2008},
  publisher={American Psychological Association}
}

@article{fried1984induction,
  title={Induction of category distributions: A framework for classification learning.},
  author={Fried, Lisbeth S and Holyoak, Keith J},
  journal={Journal of Experimental Psychology: Learning, Memory, and Cognition},
  volume={10},
  number={2},
  pages={234},
  year={1984},
  publisher={American Psychological Association}
}


@book{c09,
	author = {Carey, S.},
	publisher = {Oxford University Press},
	title = {The origin of concepts},
	year = {2009},
}

@article{anderson1991adaptive,
	title={The adaptive nature of human categorization.},
	author={Anderson, John R},
	journal={Psychological review},
	volume={98},
	number={3},
	pages={409},
	year={1991},
	publisher={American Psychological Association}
}


@article{sakamoto2008putting,
	title={Putting the psychology back into psychological models: Mechanistic versus rational approaches},
	author={Sakamoto, Yasuaki and Jones, Matt and Love, Bradley C},
	journal={Memory \& Cognition},
	volume={36},
	number={6},
	pages={1057--1065},
	year={2008},
	publisher={Springer}
}


@article{peters2011time,
	title={The time resolution of the St Petersburg paradox},
	author={Peters, Ole},
	journal={Philosophical Transactions of the Royal Society A: Mathematical, Physical and Engineering Sciences},
	volume={369},
	number={1956},
	pages={4913--4931},
	year={2011},
	publisher={The Royal Society Publishing}
}

@article{srivastava2015learning,
	title={Learning what to want: context-sensitive preference learning},
	author={Srivastava, Nisheeth and Schrater, Paul},
	journal={PloS one},
	volume={10},
	number={10},
	year={2015},
	publisher={Public Library of Science}
}


@incollection{platt2009neuronal,
	title={Neuronal representations of value},
	author={Platt, Michael and Padoa-Schioppa, Camillo},
	booktitle={Neuroeconomics},
	pages={441--462},
	year={2009},
	publisher={Elsevier}
}


@article{tremblay1999relative,
	title={Relative reward preference in primate orbitofrontal cortex},
	author={Tremblay, L{\'e}on and Schultz, Wolfram},
	journal={Nature},
	volume={398},
	number={6729},
	pages={704--708},
	year={1999},
	publisher={Nature Publishing Group}
}

@article{birnbaum2008new,
	title={New paradoxes of risky decision making.},
	author={Birnbaum, Michael H},
	journal={Psychological review},
	volume={115},
	number={2},
	pages={463},
	year={2008},
	publisher={American Psychological Association}
}


@article{tversky1992advances,
	title={Advances in prospect theory: Cumulative representation of uncertainty},
	author={Tversky, Amos and Kahneman, Daniel},
	journal={Journal of Risk and uncertainty},
	volume={5},
	number={4},
	pages={297--323},
	year={1992},
	publisher={Springer}
}


@article{schultz1997neural,
	title={A neural substrate of prediction and reward},
	author={Schultz, Wolfram and Dayan, Peter and Montague, P Read},
	journal={Science},
	volume={275},
	number={5306},
	pages={1593--1599},
	year={1997},
	publisher={American Association for the Advancement of Science}
}


@article{rabin1998psychology,
	title={Psychology and economics},
	author={Rabin, Matthew},
	journal={Journal of economic literature},
	volume={36},
	number={1},
	pages={11--46},
	year={1998},
	publisher={JSTOR}
}

@article{ell2012impact,
  title={The impact of category separation on unsupervised categorization},
  author={Ell, Shawn W and Ashby, F Gregory},
  journal={Attention, Perception, \& Psychophysics},
  volume={74},
  number={2},
  pages={466--475},
  year={2012},
  publisher={Springer}
}

@article{murphy2007conjugate,
  title={Conjugate Bayesian analysis of the Gaussian distribution},
  author={Murphy, Kevin P},
  journal={def},
  volume={1},
  number={2$\sigma$2},
  pages={16},
  year={2007}
}

@article{zhu2020bayesian,
  title={The Bayesian sampler: Generic Bayesian inference causes incoherence in human probability judgments.},
  author={Zhu, Jian-Qiao and Sanborn, Adam N and Chater, Nick},
  journal={Psychological review},
  year={2020},
  publisher={American Psychological Association}
}

@article{friston2009free,
  title={The free-energy principle: a rough guide to the brain?},
  author={Friston, Karl},
  journal={Trends in cognitive sciences},
  volume={13},
  number={7},
  pages={293--301},
  year={2009},
  publisher={Elsevier}
}

@techreport{dziewulski2016eliciting,
  title={Eliciting the just-noticeable difference},
  author={Dziewulski, Pawew{\l} and others},
  year={2016},
  institution={University of Oxford, Department of Economics}
}


@book{clark2015surfing,
  title={Surfing uncertainty: Prediction, action, and the embodied mind},
  author={Clark, Andy},
  year={2015},
  publisher={Oxford University Press}
}


@article{malinow1988persistent,
  title={Persistent protein kinase activity underlying long-term potentiation},
  author={Malinow, Roberto and Madison, Daniel V and Tsien, Richard W},
  journal={Nature},
  volume={335},
  number={6193},
  pages={820--824},
  year={1988},
  publisher={Nature Publishing Group}
}


@article{sanborn2016bayesian,
  title={Bayesian brains without probabilities},
  author={Sanborn, Adam N and Chater, Nick},
  journal={Trends in cognitive sciences},
  volume={20},
  number={12},
  pages={883--893},
  year={2016},
  publisher={Elsevier}
}

@book{bishop2006pattern,
  title={Pattern recognition and machine learning},
  author={Bishop, Christopher M},
  year={2006},
  publisher={springer}
}


@article{jones2011bayesian,
  title={Bayesian fundamentalism or enlightenment? On the explanatory status and theoretical contributions of Bayesian models of cognition},
  author={Jones, Matt and Love, Bradley C},
  journal={Behavioral and brain sciences},
  volume={34},
  number={4},
  pages={169},
  year={2011},
  publisher={Cambridge University Press}
}


@article{pouget2013probabilistic,
  title={Probabilistic brains: knowns and unknowns},
  author={Pouget, Alexandre and Beck, Jeffrey M and Ma, Wei Ji and Latham, Peter E},
  journal={Nature neuroscience},
  volume={16},
  number={9},
  pages={1170--1178},
  year={2013},
  publisher={Nature Publishing Group}
}

@article{minda2001prototypes,
  title={Prototypes in category learning: the effects of category size, category structure, and stimulus complexity.},
  author={Minda, John Paul and Smith, J David},
  journal={Journal of Experimental Psychology: Learning, Memory, and Cognition},
  volume={27},
  number={3},
  pages={775},
  year={2001},
  publisher={American Psychological Association}
}

@article{griffiths2015rational,
  title={Rational use of cognitive resources: Levels of analysis between the computational and the algorithmic},
  author={Griffiths, Thomas L and Lieder, Falk and Goodman, Noah D},
  journal={Topics in cognitive science},
  volume={7},
  number={2},
  pages={217--229},
  year={2015},
  publisher={Wiley Online Library}
}

@article{rahnev2020resource,
  title={Resource-rational analysis vs. resource-rational humans},
  author={Rahnev, Dobromir},
  journal={The Behavioral and brain sciences},
  volume={43},
  pages={e19},
  year={2020},
  publisher={NIH Public Access}
}


@article{rahnev2018suboptimality,
  title={Suboptimality in perceptual decision making},
  author={Rahnev, Dobromir and Denison, Rachel N},
  journal={Behavioral and Brain Sciences},
  volume={41},
  year={2018},
  publisher={Cambridge University Press}
}


@article{beck2012not,
  title={Not noisy, just wrong: the role of suboptimal inference in behavioral variability},
  author={Beck, Jeffrey M and Ma, Wei Ji and Pitkow, Xaq and Latham, Peter E and Pouget, Alexandre},
  journal={Neuron},
  volume={74},
  number={1},
  pages={30--39},
  year={2012},
  publisher={Elsevier}
}


@article{acerbi2014origins,
  title={On the origins of suboptimality in human probabilistic inference},
  author={Acerbi, Luigi and Vijayakumar, Sethu and Wolpert, Daniel M},
  journal={PLoS Comput Biol},
  volume={10},
  number={6},
  pages={e1003661},
  year={2014},
  publisher={Public Library of Science}
}


@article{griffiths2008categorization,
  title={Categorization as nonparametric Bayesian density estimation},
  author={Griffiths, Thomas L and Sanborn, Adam N and Canini, Kevin R and Navarro, Daniel J},
  journal={The probabilistic mind: Prospects for Bayesian cognitive science},
  pages={303--328},
  year={2008}
}


@article{padoa2006neurons,
	title={Neurons in the orbitofrontal cortex encode economic value},
	author={Padoa-Schioppa, Camillo and Assad, John A},
	journal={Nature},
	volume={441},
	number={7090},
	pages={223--226},
	year={2006},
	publisher={Nature Publishing Group}
}


@inproceedings{srivastava2014magnitude,
	title={Magnitude-sensitive preference formation},
	author={Srivastava, Nisheeth and Vul, Ed and Schrater, Paul R},
	booktitle={Advances in neural information processing systems},
	pages={1080--1088},
	year={2014}
}

@article{vlaev2011does,
	title={Does the brain calculate value?},
	author={Vlaev, Ivo and Chater, Nick and Stewart, Neil and Brown, Gordon DA},
	journal={Trends in cognitive sciences},
	volume={15},
	number={11},
	pages={546--554},
	year={2011},
	publisher={Elsevier}
}


@article{gh95,
	author = {Gigerenzer, G. and Hoffrage, U.},
	journal = {Psychological review},
	number = {4},
	pages = {684},
	title = {How to improve Bayesian reasoning without instruction: frequency formats},
	volume = {102},
	year = {1995},
}

@article{gscn08,
	author = {Griffiths, T. L. and Sanborn, A. N. and Canini, K. R. and Navarro, D. J.},
	journal = {The probabilistic mind: Prospects for Bayesian cognitive science},
	pages = {303-328},
	title = {Categorization as nonparametric Bayesian density estimation},
	year = {2008},
}

@article{hz84,
	author = {Hasher, L. and Zacks, R. T.},
	journal = {American psychologist},
	number = {12},
	pages = {1372},
	title = {Automatic processing of fundamental information: The case of frequency of occurrence},
	volume = {39},
	year = {1984},
}

@article{jl11,
	author = {Jones, M. and Love, B. C.},
	journal = {Behavioral and Brain Sciences},
	number = {4},
	pages = {169},
	title = {Bayesian fundamentalism or enlightenment? On the explanatory status and theoretical contributions of {B}ayesian models of cognition},
	volume = {34},
	year = {2011},
}

@article{kt72,
	author = {Kahneman, D. and Tversky, A.},
	journal = {Cognitive psychology},
	number = {3},
	pages = {430-454},
	title = {Subjective probability: A judgment of representativeness},
	volume = {3},
	year = {1972},
}

@article{kt82,
	author = {Kahneman, D. and Tversky, A.},
	journal = {Judgment under uncertainty: Heuristics and biases},
	pages = {153-160},
	title = {Evidential impact of base rates},
	year = {1982},
}

@article{kp04,
	author = {Knill, D. C. and Pouget, A.},
	journal = {TRENDS in Neurosciences},
	number = {12},
	pages = {712-719},
	title = {The Bayesian brain: the role of uncertainty in neural coding and computation},
	volume = {27},
	year = {2004},
}

@article{kw04,
	author = {Körding, K. P. and Wolpert, D. M.},
	journal = {Nature},
	number = {6971},
	pages = {244},
	title = {Bayesian integration in sensorimotor learning},
	volume = {427},
	year = {2004},
}

@article{msm15,
	author = {Meyniel, F. and Sigman, M. and Mainen, Z. F.},
	journal = {Neuron},
	number = {1},
	pages = {78-92},
	title = {Confidence as Bayesian probability: From neural origins to behavior},
	volume = {88},
	year = {2015},
}

@article{mbg95,
	author = {Miller, R. R. and Barnet, R. C. and Grahame, N. J.},
	journal = {Psychological bulletin},
	number = {3},
	pages = {363},
	title = {Assessment of the Rescorla-Wagner model},
	volume = {117},
	year = {1995},
}

@article{tkgg11,
	author = {Tenenbaum, J. B. and Kemp, C. and Griffiths, T. L. and Goodman, N. D.},
	journal = {Science},
	number = {6022},
	pages = {1279-1285},
	title = {How to grow a mind: Statistics, structure, and abstraction},
	volume = {331},
	year = {2011},
}

@article{tvp17,
	author = {Tran, R. and Vul, E. and Pashler, H.},
	journal = {Royal Society Open Science},
	number = {8},
	pages = {170270},
	title = {How effective is incidental learning of the shape of probability distributions?},
	volume = {4},
	year = {2017},
}

@article{holtmaat2006experience,
  title={Experience-dependent and cell-type-specific spine growth in the neocortex},
  author={Holtmaat, Anthony and Wilbrecht, Linda and Knott, Graham W and Welker, Egbert and Svoboda, Karel},
  journal={Nature},
  volume={441},
  number={7096},
  pages={979--983},
  year={2006},
  publisher={Nature Publishing Group}
}

@article{kemp2008discovery,
  title={The discovery of structural form},
  author={Kemp, Charles and Tenenbaum, Joshua B},
  journal={Proceedings of the National Academy of Sciences},
  volume={105},
  number={31},
  pages={10687--10692},
  year={2008},
  publisher={National Acad Sciences}
}

@article{sg09,
	author = {Shi, L. and Griffiths, T. L.},
	journal = {In Advances in neural information processing systems},
	pages = {1669-1677},
	title = {Neural implementation of hierarchical Bayesian inference by importance sampling},
	year = {2009},
	unidentified = {p},
}

@article{wdm09,
	author = {Wu, S. W. and Delgado, M. R. and Maloney, L. T.},
	journal = {Proceedings of the National Academy of Sciences},
	number = {15},
	pages = {6088-6093},
	title = {Economic decision-making compared with an equivalent motor task},
	volume = {106},
	year = {2009},
}

@article{stewart2006decision,
	title={Decision by sampling},
	author={Stewart, Neil and Chater, Nick and Brown, Gordon DA},
	journal={Cognitive psychology},
	volume={53},
	number={1},
	pages={1--26},
	year={2006},
	publisher={Elsevier}
}

@article{hancock2020quantifying,
  title={Quantifying the qualities of language},
  author={Hancock, PA and Volante, William G},
  journal={PloS one},
  volume={15},
  number={5},
  pages={e0232198},
  year={2020},
  publisher={Public Library of Science San Francisco, CA USA}
}
% -----------------------------------------------------------------------
% Document End
% -----------------------------------------------------------------------


% -----------------------------------------------------------------------
% Document End
% -----------------------------------------------------------------------
